<record><leader>00000cas a22000007a 4500</leader><controlfield tag="001">11793213</controlfield><controlfield tag="008">850312d18561862caudn ne      0    0eng  </controlfield><datafield ind1=" " ind2=" " tag="010"><subfield code="a">sn 85042112 </subfield></datafield><datafield ind1=" " ind2=" " tag="040"><subfield code="a">DLC</subfield><subfield code="b">eng</subfield><subfield code="c">DLC</subfield><subfield code="d">NPX</subfield><subfield code="d">DLC</subfield><subfield code="d">YOX</subfield><subfield code="d">CNK</subfield><subfield code="d">OCL</subfield><subfield code="d">KRTAS</subfield><subfield code="d">OCLCO</subfield><subfield code="d">OCLCF</subfield><subfield code="d">OCLCO</subfield></datafield><datafield ind1="1" ind2=" " tag="029"><subfield code="a">AU@</subfield><subfield code="b">000020235158</subfield></datafield><datafield ind1=" " ind2=" " tag="042"><subfield code="a">msc</subfield></datafield><datafield ind1="0" ind2="0" tag="050"><subfield code="a">Newspaper 7165</subfield></datafield><datafield ind1="0" ind2=" " tag="130"><subfield code="a">San Francisco herald (San Francisco, Calif. : 1856)</subfield></datafield><datafield ind1="0" ind2="4" tag="245"><subfield code="a">The San Francisco herald.</subfield></datafield><datafield ind1="0" ind2="3" tag="246"><subfield code="a">Daily herald</subfield></datafield><datafield ind1=" " ind2=" " tag="260"><subfield code="a">San Francisco, Calif. :</subfield><subfield code="b">[s.n.],</subfield><subfield code="c">1856-1862.</subfield></datafield><datafield ind1=" " ind2=" " tag="300"><subfield code="a">7 v. :</subfield><subfield code="b">ill. (chiefly adv.) ;</subfield><subfield code="c">54-68 cm.</subfield></datafield><datafield ind1=" " ind2=" " tag="310"><subfield code="a">Daily (except Sun.)</subfield></datafield><datafield ind1="0" ind2=" " tag="362"><subfield code="a">Vol. 7, no. 136 (Oct. 15, 1856)-v. 13, no. 23 (Jan. 28, 1862).</subfield></datafield><datafield ind1=" " ind2=" " tag="500"><subfield code="a">Publishers: G.W. Guthrie &amp; Co., &lt;1860-1862&gt;.</subfield></datafield><datafield ind1=" " ind2=" " tag="500"><subfield code="a">Editor: John Nugent, &lt;1857-1860&gt;.</subfield></datafield><datafield ind1=" " ind2=" " tag="530"><subfield code="a">Also available on microfilm from the University of California, Berkeley.</subfield></datafield><datafield ind1=" " ind2=" " tag="580"><subfield code="a">Steamer ed.: San Francisco herald (San Francisco, Calif. : 1851).</subfield></datafield><datafield ind1=" " ind2="0" tag="651"><subfield code="a">San Francisco (Calif.)</subfield><subfield code="v">Newspapers.</subfield></datafield><datafield ind1=" " ind2="7" tag="655"><subfield code="a">Newspapers.</subfield><subfield code="2">fast</subfield><subfield code="0">(OCoLC)fst01423814</subfield></datafield><datafield ind1=" " ind2="7" tag="651"><subfield code="a">California</subfield><subfield code="z">San Francisco.</subfield><subfield code="2">fast</subfield><subfield code="0">(OCoLC)fst01204481</subfield></datafield><datafield ind1=" " ind2=" " tag="752"><subfield code="a">United States</subfield><subfield code="b">California</subfield><subfield code="c">San Francisco</subfield><subfield code="d">San Francisco.</subfield></datafield><datafield ind1="0" ind2=" " tag="775"><subfield code="t">San Francisco weekly herald</subfield><subfield code="w">(DLC)sn 84027229</subfield></datafield><datafield ind1="1" ind2=" " tag="775"><subfield code="t">San Francisco herald (San Francisco, Calif. : 1851)</subfield><subfield code="w">(DLC)sn 82014879</subfield></datafield><datafield ind1="0" ind2="0" tag="780"><subfield code="t">San Francisco daily herald (San Francisco, Calif. : 1850)</subfield><subfield code="w">(DLC)sn 82016461</subfield></datafield><datafield ind1="0" ind2="5" tag="780"><subfield code="t">Daily national</subfield><subfield code="w">(DLC)sn 82014983</subfield></datafield><datafield ind1="0" ind2="7" tag="785"><subfield code="t">Daily mirror (San Francisco, Calif.)</subfield><subfield code="w">(DLC)sn 94052968</subfield></datafield><datafield ind1="0" ind2="7" tag="785"><subfield code="t">Daily herald and mirror</subfield><subfield code="w">(DLC)sn 82016462</subfield></datafield><datafield ind1=" " ind2=" " tag="938"><subfield code="a">Kirtas Technologies, Inc.</subfield><subfield code="b">KRTS</subfield><subfield code="n">739055</subfield></datafield></record>